@Book{Claerbout.fgdp.1976,
  author =       {J[on] F[] Cl{\ae}rbout},
  title =        {Fundamentals of Geophysical Data Processing},
  publisher =    {Blackwell Scientific Publications},
  year =         1976
}

@Book{Claerbout.iei.1985,
  author =       {J[on] F[] Cl{\ae}rbout},
  title =        {Imaging the {Earth's} Interior},
  publisher =    {Blackwell Scientific Publications},
  year =         1985
}

@Book{Tarantola.inversion.1987,
  author={A[] Tarantola},
  year={1987},
  publisher={Elsevier},
  title={Inverse {P}roblem {T}heory: methods for data fitting and model parameter estimation}
}

@Book{Tarantola.inversion.2005,
  author={A[] Tarantola},
  year={2005},
  publisher={SIAM},
  title={Inverse {P}roblem {T}heory and methods for model parameter estimation}
}

@Book{Berkhout.imaging.1982,
  author =       {A[] J[] Berkhout},
  title =        {Imaging of acoustic energy by wave field extrapolation},
  publisher =    {Elsevier},
  year =         1982
}

@Book{StoltBenson.migration.1986,
  author =       {R[] H[] Stolt and A[] K[] Benson},
  title =        {Seismic Migration: Theory and Practice},
  publisher =    {Pergamon Press},
  year =         1986
}

@Book{StoltWeglein.imaging.2012,
  author =       {R[] H[] Stolt and A[] B[] Weglein},
  title =        {Seismic {I}maging and {I}nversion: {A}pplications of {L}inear {I}nverse {T}heory},
  publisher =    {Cambridge University Press},
  year =         2012 
}

@Book{DobrinSavit.prospecting.1988,
  author =       {M[] Dobrin and C[] Savit},
  title =        {Introduction to {G}eophysical {P}rospecting, 4th edition},
  publisher =    {McGraw-Hill Book Company, N.Y.},
  year =         1988
}

@Book{IkelleAmundsen.seismology.2005,
  author =       {L[] Ikelle and L[] Amundsen},
  title =        {{I}ntroduction to {P}etroleum {S}eismology},
  publisher =    {Society of Exploration Geophysicists},
  year =         2005
}

@Book{AkiRichards.seismology.2002,
  author =       {K[] Aki and P[] Richards},
  title =        {{Q}uantitative {S}eismology (second edition)},
  publisher =    {University Science Books},
  year =         2002
}

@Book{Yilmaz.seismic.2001,
  author =       {O[] Yilmaz},
  title =        {{S}eismic {D}ata {A}nalysis (second edition)},
  publisher =    {{S}ociety of {E}xploration {G}eophysicists},
  year =         2001
}

@Book{Biondi.imaging.2006,
  author =       {B[iondo] Biondi},
  title =        {{3-D} {S}eismic {I}maging},
  publisher =    {Society of Exploration Geophysicists},
  year =         2006
}

@Book{Bracewell.fourier.2006,
  author =       {Romald[] Bracewell},
  title =        {Fourier analysis and imaging},
  publisher =    {Springer},
  year =         2006
}

@Book{SyngeSchild.tensor.1978,
  author =       {J[ohn] L[] Synge and A[] Schild},
  title =        {Tensor Calculus},
  publisher =    {Dover},
  year =         {1978}
}

@Book{Cerveny.ray.2001,
  author =       {V[] {C}erven\'{y}},
  title =        {Seismic ray theory},
  publisher =    {Cambridge Univ. Press},
  year =         {2001}
}

@Book{CourantHilbert.mathphys.1989,
  author =      {R[ichard] Courant and D[avid] Hilbert},
  title =       {Methods of mathematical physics},
  publisher =   {John Wiley \& Sons},
  year =        {1989}
  }

@Book{Nolet.tomography.2008,
  author =       {G[uust] Nolet},
  title =        {A {B}reviary of {S}eismic {T}omography},
  publisher =    {Cambridge Univ. Press},
  year =         {2008}
}

@Book{MorseFeshbach.physics.1981,
  author =       {P[hillip] Morse and H[] Feshbach},
  title =        {{M}ethods of {T}heoretical {P}hysics},
  publisher =    {{F}eshback {P}ublishing {LLC}},
  year =         {1981}
}

@Book{Cohen.tfa.1995,
  author =       {L[eon] Cohen},
  title =        {{T}ime {F}requency {A}nalysis},
  publisher =    {{P}rentice {H}all {S}ignal {P}rocessing {S}eries},
  year =         {1995}
}

@Book{FokkemaVanDenBerg.reciprocity.1993,
  author={J[] Fokkema and P[] {V}an {D}en {B}erg},
  title={Seismic applications of acoustic reciprocity},
  publisher={Elsevier},
  year={1993}
}

@Book{Riemann.theory.1953,
  author={B[] Riemann},
  title={Grundlagen f$\"{u}$r eine allgemeine {T}heorie der {F}unktionen einer ver$\"{a}$nderlichen komplexen Gr$\"{o}$sse (1851), in Collected Works},
  publisher={Dover Publications Inc, New York},
  year={1953}
}

@Book{Menke.inversion.1989,
  author={W[] Menke},
  title={Geophysical data analysis: discrete inverse theory},
  publisher={Elsevier},
  year={1989}
}

@Book{AsterEtAl.inversion.2005,
  author={R[] Aster and B[] Borchers and C[] Thurber},
  title={Parameter Estimation and Inverse Problems},
  publisher={Elsevier},
  year={2005}
}

@Book{Parker.inversion.1994,
  author={R[] Parker},
  title={Geophysical Inverse Theory},
  publisher={Princeton University Press},
  year={1994}
}

@Book{Tsvankin.anisotropy.2005,
  author={I[] Tsvankin},
  title={Seismic signatures and analysis of reflection data in anisotropic media},
  publisher={Elsevier},
  year={2005}
}

@Book{Saleh.imaging.2011,
  author={B[] Saleh},
  title={{I}ntroduction to {S}ubsurface {I}maging},
  publisher={Cambridge University Press},
  year={2011}
}

@Book{Nolet.tomography.2008,
  author={G[] Nolet},
  title={{A} {B}reviary of {S}eismic {T}omography: {I}maging the interior of the {E}arth and {S}un},
  publisher={Cambridge University Press},
  year={2008}
}

@Book{Devaney.imaging.2012,
  author={A[] J[] Devaney},
  title={{M}athematical {F}oundations of {I}maging, {T}omography and {W}avefield {I}nversion},
  publisher={Cambridge University Press},
  year={2012}
}

@Book{Chapman.wave.2010,
  author={C[] Chapman},
  title={{F}undamentals of {S}eismic {W}ave {P}ropagation},
  publisher={Cambridge University Press},
  year={2010}
}

@Book{Kennett.wavefield.2001,
  author={B[] L[] Kennett},
  title={{T}he {S}eismic {W}avefield},
  publisher={Cambridge University Press},
  year={2001}
}

@Book{Shearer.seismology.2009,
  author={P[] M[] Shearer},
  title={{I}ntroduction to {S}eismology},
  publisher={Cambridge University Press},
  year={2009}
}

@Book{Schuster.interferometry.2010,
  author{G[] T[] Schuster},
  title={{S}eismic {I}nterferometry},
  publisher={Cambridge University Press},
  year={2010}
}

@Book{SheriffGeldart.seismic.1995,
  author={R[] E[] Sherriff and L[] P[] Geldart},
  title={{E}xploration {S}eismology},
  publisher={Cambridge University Press},
  year={2010}
}

@Book{TelfordEtAl.applgeo.1990,
  author={W[] M[] Telford and L[] P[] Geldart and R[] E[] Sheriff},
  title={{A}pplied {G}eophysics},
  publisher={Cambridge University Press},
  year={1990}
}


