@BOOK{MMFWV,
author = {Norman Bleistein},
title = {Mathematical methods for wave phenomena},
year = {1984},
publisher = {Academic Press}
}

@BOOK{MUSGRAVE,
author = {M[] J[] P[] Musgrave},
title = {Crystal Acoustics},
year = {1970},
publisher = {Holden-Day}
}

@BOOK{AR,
author = {Keiiti Aki and Paul G[] Richards},
title = {Quantitative seismology, Theory and Methods: {Volume} 1},
year = {1980},
publisher = {W. H. Freeman and Company}
}

@BOOK{AULD,
author = {B[] A[] Auld},
title = {Acoustic fields and waves in solids: {Volume} 1},
year = {1973},
publisher = {John Wiley and Sons}
}

@BOOK{FGDP,
author = {J[] F[] Claerbout},
title = {Fundamentals of Geophysical Data Processing},
year = {1976},
publisher = {McGraw-Hill}
}

@BOOK{MC,
author = {G[] H[] Golub and C[] F[] {Van Loan}},
title = {Matrix Computations},
year = {1983},
publisher = {The Johns Hopkins University Press}
}

@BOOK{STRANG,
author = {G[] Strang},
title = {Linear Algebra and Its Applications, second edition},
year = {1980},
publisher = {Academic Press}
}

@BOOK{SP,
author = {A[] Erdelyi},
title = {Asymptotic expansions},
year = {1956},
publisher = {Dover Publications}
}

@BOOK{Mathematica,
author = {Stephen Wolfram},
title = {Mathematica, A system for doing mathematics by computer},
year = {1988},
publisher = {Addison-Wesley}
}

@preamble{"\newcommand{\SortNoop}[1]{}"}
@BOOK{Cerveny,
author = {V[] {\SortNoop{Cerveny}}\v{C}erven\'{y}},
title = {Seismic Ray Method},
year = {2000},
publisher = {Cambridge University Press}
}

@PHDTHESIS{forgues96,
 author = {E. Forgues},
 title  = {Inversion linearis\'ee multi-param\`etres via la th\'eorie des rais},
 school = {Institut Fran\c{c}ais du P\'etrole - University Paris VII},
 year   = {1996}
}
