@Book{lamport,
  author =	 {L[eslie] Lamport},
  title = 	 {{\LaTeX: A} Document Preparation System},
  publisher = 	 {Addison-Wesley},
  year = 	 1994
}

@Book{kopka,
  author =	 {H[elmut] Kopka and P[atrick] W[] Daly},
  title = 	 {Guide to {\LaTeX}},
  publisher = 	 {Addison-Wesley},
  year = 	 2004
}
