@Book{Claerbout.fgdp,
  author =       {J[on] F[] Claerbout},
  title =        {Fundamentals of Geophysical Data Processing},
  publisher =    {Blackwell Scientific Publications},
  year =         1976
}

@Book{Claerbout.iei,
  author =       {J[on] F[] Claerbout},
  title =        {Imaging the {Earth's} Interior},
  publisher =    {Blackwell Scientific Publications},
  year =         1985
}

@Book{Tarantola.inversion.1987,
  author={A[] Tarantola},
  year={1987},
  publisher={Elsevier},
  title={Inverse {P}roblem {T}heory: methods for data fitting and model parameter estimation}
}

@Book{Tarantola.inversion.2005,
  author={A[] Tarantola},
  year={2005},
  publisher={SIAM},
  title={Inverse {P}roblem {T}heory and methods for model parameter estimation}
}


